%
% Bibliography
%

@misc{gentoo,
title = {{Gentoo Linux}},
howpublished = {\url{http://www.gentoo.org}} }

@misc{gentoo:prefix,
title = {{Gentoo Prefix Project}},
howpublished = {\url{https://wiki.gentoo.org/wiki/Project:Prefix}} }

@misc{gentoo:portage,
title = {{Portage package manager}},
howpublished = {\url{https://wiki.gentoo.org/wiki/Project:Portage}} }

@misc{gentoo:devmanual,
title = {{Gentoo Development Manual}},
howpublished = {\url{http://devmanual.gentoo.org}} }

@misc{gentoo:pms,
title = {{Portage Package Manager Specification}},
howpublished = {\url{https://projects.gentoo.org/pms/6/pms.pdf}} }

@misc{coreos, title = {{CoreOS}}, howpublished = {\url{http://coreos.com}} }

@misc{coreos:intel-rkt,
title = {{Using Virtual Machines to Improve Container Security with rkt v0.8.0}},
howpublished = {\url{https://coreos.com/blog/rkt-0.8-with-new-vm-support}} }

@misc{lwn:clear-containers,
title = {{An introduction to Clear Containers}},
howpublished = {\url{https://lwn.net/Articles/644675}} }

@misc{chromiumos,
title = {{Chromium OS}},
howpublished = {\url{https://www.chromium.org}} }

@misc{pkgcore,
title = {{pkgcore}},
howpublished = {\url{https://github.com/pkgcore/pkgcore}} }

@misc{paludis,
title = {{paludis}},
howpublished = {\url{http://paludis.exherbo.org}} }

@article{abd:xeonphi,
author = {David Abdurachmanov and Brian Bockelman and Peter Elmer and
          Giulio Eulisse and Robert Knight and Shahzad Muzaffar},
title = {{Heterogeneous High Throughput Scientific Computing with {APM} {X-Gene} and {Intel Xeon Phi}}},
eprint = {arXiv:1410.3441 [cs.DC]}, url = {http://arxiv.org/abs/1410.3441},
journal = {{arXiv:1410.3441 [cs.DC]}}, year = 2014, month = oct }

@inproceedings{mic:admin,
 author = {Peltz,Jr., Paul and Baer, Troy},
 title = {Best Practices for Administering a Medium Sized Cluster with Intel\&Reg; Xeon Phi\&Trade; Coprocessors},
 booktitle = {Proceedings of the 2014 Annual Conference on Extreme Science and Engineering Discovery Environment},
 series = {XSEDE '14},
 year = {2014},
 isbn = {978-1-4503-2893-7},
 location = {Atlanta, GA, USA},
 pages = {34:1--34:8},
 articleno = {34},
 numpages = {8},
 url = {http://doi.acm.org/10.1145/2616498.2616538},
 doi = {10.1145/2616498.2616538},
 acmid = {2616538},
 publisher = {ACM},
 address = {New York, NY, USA},
 keywords = {HPC, Intel MIC, Intel Xeon Phi, JICS, NICS, accelerators, administration, best practice, cluster, coprocessors},
} 

@misc{rdtsc,
title = {{How to Benchmark Code Execution Times on Intel IA-32 and IA-64
Instruction Set Architectures}}, author = {Gabriele Paoloni},
howpublished =
{\url{http://www.intel.com/content/dam/www/public/us/en/documents/white-papers/ia-32-ia-64-benchmark-code-execution-paper.pdf}}}
@article{vclibrary,
title = {{Vc}: {A} {C++} library for explicit vectorization},
author = {Matthias Kretz and Volker Lindenstruth},
journal = {Software: Practice and Experience}, publisher = {Wiley},
volume = {42}, number = {11}, pages = {1409--1430}, year = {2011},
doi = {10.1002/spe.1149},
url = {http://onlinelibrary.wiley.com/doi/10.1002/spe.1149/abstract} }

@misc{geant:first,
 title = {Simulation program for particle physics experiments, {GEANT}:
          user guide and reference manual},
 author = {Brun, R and Hagelberg, R and Hansroul, M and Lassalle, J C},
 howpublished = {\url{https://cds.cern.ch/record/118715}} }

@misc{clhep,
title = {{CLHEP}: Class Library for High Energy Physics},
howpublished = {\url{http://proj-clhep.web.cern.ch/}} }

@misc{ROOT,
title = {{ROOT} Data Analysis Framework},
howpublished = {\url{http://root.cern.ch}} }

@misc{gdml,
 title = {Geometry Description Markup Language (GDML)},
 howpublished = {\url{http://gdml.web.cern.ch}} }

@article{geant:gdml,
  title = {Geometry Description Markup Language for Physics Simulation and
  Analysis Applications},
  author = {R. Chytracek and J. McCormick and W. Pokorski and G. Santin},
  journal = {IEEE Trans. Nucl. Sci.},
  volume = {53}, number = {5}, pages = {2892--2896},
  url = {http://cds.cern.ch/record/1023367/files/cer-002682496.pdf}
}

@misc{pythia,
 title = {Pythia HEP Event Generator},
 howpublished = {http://home.thep.lu.se/~torbjorn/Pythia.html} }

@article{andrei:geantv,
  author = {John Apostolakis and Ren√© Brun and Federico Carminati and Andrei Gheata},
  title = {{Rethinking particle transport in the many-core era towards GEANT 5}},
  journal = {International Conference on Computing in High Energy and Nuclear
  Physics 2012 (CHEP2012)}, publisher = iop,
  volume = {396}, pages = {022014}, year = {2012},
  doi = {10.1088/1742-6596/396/2/022014},
  url = {http://iopscience.iop.org/1742-6596/396/2/022014/pdf/1742-6596_396_2_022014.pdf} }

@article{makoto:geant4,
  author = {Makoto Asai},
  title = {{A Roadmap For {Geant4}}},
  journal = {International Conference on Computing in High Energy and Nuclear
  Physics 2012 (CHEP2012)}, publisher = iop,
  volume = {396}, pages = {052007}, year = {2012},
  doi = {10.1088/1742-6596/396/5/052007},
  url = {http://iopscience.iop.org/1742-6596/396/5/052007/pdf/1742-6596_396_5_052007.pdf} }

@article{ago:geant4,
title = {{Geant4---A Simulation Toolkit}},
journal = {Nuclear Instruments and Methods in Physics Research Section A:
           Accelerators, Spectrometers, Detectors and Associated Equipment},
volume = {506}, number = {3}, pages = {250 - 303}, year = {2003}, issn = {0168-9002},
doi = {http://dx.doi.org/10.1016/S0168-9002(03)01368-8},
url = {http://www.sciencedirect.com/science/article/pii/S0168900203013688},
author = {S. Agostinelli et al.} }

@article{alli:geant4, 
title={{Geant4 Developments and Applications}}, 
author={J. Allison et al.},
journal={Nuclear Science, IEEE Transactions on}, 
year={2006}, month={Feb}, volume={53}, number={1}, pages={270-278}, 
doi={10.1109/TNS.2006.869826}, 
url={http://dx.doi.org/10.1109/TNS.2006.869826}, ISSN={0018-9499}}
